@misc{anudc:4896,
author = {Kaggle.com},
year = {2013},
title = {Dogs vs. Cats},
howpublished= {\url{https://www.kaggle.com/c/dogs-vs-cats}}},

@incollection{NIPS2012_4824,
title = {ImageNet Classification with Deep Convolutional Neural Networks},
author = {Alex Krizhevsky and Sutskever, Ilya and Hinton, Geoffrey E},
booktitle = {Advances in Neural Information Processing Systems 25},
editor = {F. Pereira and C. J. C. Burges and L. Bottou and K. Q. Weinberger},
pages = {1097--1105},
year = {2012},
publisher = {Curran Associates, Inc.},
url = {http://papers.nips.cc/paper/4824-imagenet-classification-with-deep-convolutional-neural-networks.pdf}
},

@article{doi:10.1113/jphysiol.1968.sp008455,
author = {D. H. Hubel and T. N. Wiesel},
title = {Receptive fields and functional architecture of monkey striate cortex},
journal = {The Journal of Physiology},
volume = {195},
number = {1},
pages = {215-243},
doi = {10.1113/jphysiol.1968.sp008455},
url = {https://physoc.onlinelibrary.wiley.com/doi/abs/10.1113/jphysiol.1968.sp008455},
eprint = {https://physoc.onlinelibrary.wiley.com/doi/pdf/10.1113/jphysiol.1968.sp008455},
},

@article{article,
author = {Hopfield, John},
year = {1982},
month = {05},
pages = {2554-8},
title = {Neural Networks and Physical Systems with Emergent Collective Computational Abilities},
volume = {79},
booktitle = {Proceedings of the National Academy of Sciences of the United States of America}
},

@incollection{Rumelhart:1988:LRB:65669.104451,
 author = {Rumelhart, David E. and Hinton, Geoffrey E. and Williams, Ronald J.},
 chapter = {Learning Representations by Back-propagating Errors},
 title = {Neurocomputing: Foundations of Research},
 editor = {Anderson, James A. and Rosenfeld, Edward},
 year = {1988},
 isbn = {0-262-01097-6},
 pages = {696--699},
 numpages = {4},
 url = {http://dl.acm.org/citation.cfm?id=65669.104451},
 acmid = {104451},
 publisher = {MIT Press},
 address = {Cambridge, MA, USA},
},

@article{DBLP:journals/corr/CristofaloW17,
  author    = {Eric Cristofalo and
               Zijian Wang},
  title     = {Out-of-focus: Learning Depth from Image Bokeh for Robotic Perception},
  journal   = {CoRR},
  volume    = {abs/1705.01152},
  year      = {2017},
  url       = {http://arxiv.org/abs/1705.01152},
  archivePrefix = {arXiv},
  eprint    = {1705.01152},
  timestamp = {Wed, 07 Jun 2017 14:40:31 +0200},
  biburl    = {https://dblp.org/rec/bib/journals/corr/CristofaloW17},
  bibsource = {dblp computer science bibliography, https://dblp.org}
},

@article{DBLP:journals/corr/abs-1207-0580,
  author    = {Geoffrey E. Hinton and
               Nitish Srivastava and
               Alex Krizhevsky and
               Ilya Sutskever and
               Ruslan Salakhutdinov},
  title     = {Improving neural networks by preventing co-adaptation of feature detectors},
  journal   = {CoRR},
  volume    = {abs/1207.0580},
  year      = {2012},
  url       = {http://arxiv.org/abs/1207.0580},
  archivePrefix = {arXiv},
  eprint    = {1207.0580},
  timestamp = {Wed, 07 Jun 2017 14:40:12 +0200},
  biburl    = {https://dblp.org/rec/bib/journals/corr/abs-1207-0580},
  bibsource = {dblp computer science bibliography, https://dblp.org}
},

@article{DBLP:journals/corr/ZeilerF13,
  author    = {Matthew D. Zeiler and
               Rob Fergus},
  title     = {Visualizing and Understanding Convolutional Networks},
  journal   = {CoRR},
  volume    = {abs/1311.2901},
  year      = {2013},
  url       = {http://arxiv.org/abs/1311.2901},
  archivePrefix = {arXiv},
  eprint    = {1311.2901},
  timestamp = {Wed, 07 Jun 2017 14:40:45 +0200},
  biburl    = {https://dblp.org/rec/bib/journals/corr/ZeilerF13},
  bibsource = {dblp computer science bibliography, https://dblp.org}
},

@article{hubel:monkey,
  added-at = {2008-02-26T11:58:58.000+0100},
  author = {Hubel, David H. and Wiesel, Torsten N.},
  biburl = {https://www.bibsonomy.org/bibtex/2872c68e0af1147a61f7cfc6ce053bc0e/schaul},
  citeulike-article-id = {2377229},
  description = {idsia},
  interhash = {2a99be38d4a543b3564fb56e8c094736},
  intrahash = {872c68e0af1147a61f7cfc6ce053bc0e},
  journal = {Journal of Physiology (London)},
  keywords = {nn},
  pages = {215--243},
  priority = {2},
  timestamp = {2008-02-26T12:04:32.000+0100},
  title = {Receptive Fields and Functional Architecture of Monkey Striate Cortex},
  volume = {195},
  year = {1968}
}, 

@article { lecun-98,
original =    "orig/lecun-98.ps.gz",
author =  "LeCun, Y. and Bottou, L. and Bengio, Y. and Haffner, P.",
title =   "Gradient-Based Learning Applied to Document Recognition",
journal = "Proceedings of the IEEE",
month =         "November",
volume =        "86",
number =        "11",
pages =         "2278-2324",
year =    1998
}