@misc{olah_2015,
author={Olah, Christopher},
title={Understanding LSTM Networks},
journal={colah's blog},
year={2015},
month={Aug},
url={http://colah.github.io/posts/2015-08-Understanding-LSTMs/},
}

@misc{britz_2016,
title={Deep Learning for Chatbots, Part 1 – Introduction},
url={http://www.wildml.com/2016/04/deep-learning-for-chatbots-part-1-introduction/.},
journal={WildML},
author={Britz, Denny},
year={2016},
month={May}}

@article{DBLP:journals/corr/ChoMGBSB14,
  author    = {Kyunghyun Cho and
               Bart van Merrienboer and
               {\c{C}}aglar G{\"{u}}l{\c{c}}ehre and
               Fethi Bougares and
               Holger Schwenk and
               Yoshua Bengio},
  title     = {Learning Phrase Representations using {RNN} Encoder-Decoder for Statistical
               Machine Translation},
  journal   = {CoRR},
  volume    = {abs/1406.1078},
  year      = {2014},
  url       = {http://arxiv.org/abs/1406.1078},
  archivePrefix = {arXiv},
  eprint    = {1406.1078},
  timestamp = {Wed, 07 Jun 2017 14:43:08 +0200},
  biburl    = {https://dblp.org/rec/bib/journals/corr/ChoMGBSB14},
  bibsource = {dblp computer science bibliography, https://dblp.org}
}

@misc{deng_2016,
title={How deep reinforcement learning can help chatbots},
url={https://venturebeat.com/2016/08/01/how-deep-reinforcement-learning-can-help-chatbots/},
journal={VentureBeat},
publisher={VentureBeat},
author={Deng, Li},
year={2016},
month={Aug}}

@misc{g_2016, title={Deep Learning Sentiment One Character at a T-i-m-e – Gab41},
url={https://gab41.lab41.org/deep-learning-sentiment-one-character-at-a-t-i-m-e-6cd96e4f780d},
journal={Lab41},
publisher={Lab41},
author={G, Abhinav},
year={2016},
month={Jun}}

@misc{karpathy_2015, title={The Unreasonable Effectiveness of Recurrent Neural Networks},
url={http://karpathy.github.io/2015/05/21/rnn-effectiveness/},
journal={The Unreasonable Effectiveness of Recurrent Neural Networks},
author={Karpathy, Andrej},
year={2015},
month={May}}

@article{DBLP:journals/corr/KarpathyJL15,
  author    = {Andrej Karpathy and
               Justin Johnson and
               Fei{-}Fei Li},
  title     = {Visualizing and Understanding Recurrent Networks},
  journal   = {CoRR},
  volume    = {abs/1506.02078},
  year      = {2015},
  url       = {http://arxiv.org/abs/1506.02078},
  archivePrefix = {arXiv},
  eprint    = {1506.02078},
  timestamp = {Wed, 07 Jun 2017 14:42:54 +0200},
  biburl    = {https://dblp.org/rec/bib/journals/corr/KarpathyJL15},
  bibsource = {dblp computer science bibliography, https://dblp.org}
}

@misc{onlim_2017,
title={The History of Chatbots},
url={https://medium.com/@onlim_com/the-history-of-chatbots-2530dd3cdac5},
journal={Medium},
publisher={Medium},
author={Onlim},
year={2017},
month={Oct}}

@article{DBLP:journals/corr/YaoCVDD15,
  author    = {Kaisheng Yao and
               Trevor Cohn and
               Katerina Vylomova and
               Kevin Duh and
               Chris Dyer},
  title     = {Depth-Gated {LSTM}},
  journal   = {CoRR},
  volume    = {abs/1508.03790},
  year      = {2015},
  url       = {http://arxiv.org/abs/1508.03790},
  archivePrefix = {arXiv},
  eprint    = {1508.03790},
  timestamp = {Wed, 07 Jun 2017 14:41:04 +0200},
  biburl    = {https://dblp.org/rec/bib/journals/corr/YaoCVDD15},
  bibsource = {dblp computer science bibliography, https://dblp.org}

@inproceedings{Golle:2008:MLA:1455770.1455838,
 author = {Golle, Philippe},
 title = {Machine Learning Attacks Against the Asirra CAPTCHA},
 booktitle = {Proceedings of the 15th ACM Conference on Computer and Communications Security},
 series = {CCS '08},
 year = {2008},
 isbn = {978-1-59593-810-7},
 location = {Alexandria, Virginia, USA},
 pages = {535--542},
 numpages = {8},
 url = {http://doi.acm.org/10.1145/1455770.1455838},
 doi = {10.1145/1455770.1455838},
 acmid = {1455838},
 publisher = {ACM},
 address = {New York, NY, USA},
 keywords = {captcha, classifier, machine learning, reverse turing test, support vector machine},
} 

@article{DBLP:journals/corr/SimonyanZ14a,
  author    = {Karen Simonyan and
               Andrew Zisserman},
  title     = {Very Deep Convolutional Networks for Large-Scale Image Recognition},
  journal   = {CoRR},
  volume    = {abs/1409.1556},
  year      = {2014},
  url       = {http://arxiv.org/abs/1409.1556},
  archivePrefix = {arXiv},
  eprint    = {1409.1556},
  timestamp = {Wed, 07 Jun 2017 14:41:51 +0200},
  biburl    = {https://dblp.org/rec/bib/journals/corr/SimonyanZ14a},
  bibsource = {dblp computer science bibliography, https://dblp.org}
}

@misc{anudc:4896
author = {kaggle,
title = {{Dogs vs. Cats},
howpublished= {\url{https://www.kaggle.com/c/dogs-vs-cats}} 

